<?xml version="1.0" encoding="UTF-8"?><collection xmlns="http://www.loc.gov/MARC21/slim"><record><leader>00507nam--2200181-u-4500</leader><controlfield tag="001">000056743</controlfield><controlfield tag="002">20190513</controlfield><controlfield tag="005">20190513032950</controlfield><controlfield tag="008">190513s1000------------r-----000-0-rum-d</controlfield><datafield ind1=" " ind2=" " tag="040"><subfield code="a">IFIN-HH</subfield></datafield><datafield ind1=" " ind2=" " tag="041"><subfield code="a">rum</subfield></datafield><datafield ind1="1" ind2=" " tag="100"><subfield code="a">Purcell, Edward M</subfield></datafield><datafield ind1="1" ind2="0" tag="245"><subfield code="a">Cursul de fizica Berkeley. Vol. 2. Electricitate si magnetism</subfield><subfield code="c">Edward M. Purcell</subfield></datafield><datafield ind1=" " ind2=" " tag="260"><subfield code="a">Bucuresti</subfield><subfield code="b">Editura Didactica si Pedagogica</subfield><subfield code="c">1982</subfield></datafield><datafield ind1=" " ind2=" " tag="300"><subfield code="a">480 p</subfield></datafield><datafield ind1=" " ind2=" " tag="500"><subfield code="a">Donatie Brancus</subfield></datafield><datafield ind1=" " ind2=" " tag="852"><subfield code="a">49084</subfield><subfield code="c">53</subfield></datafield><datafield ind1=" " ind2=" " tag="CAT"><subfield code="a">SYS</subfield><subfield code="c">20190513</subfield><subfield code="h">032950</subfield></datafield></record></collection>